
@misc{nationmaster, title={Portugal vs United States Education Stats Compared}, url={https://www.nationmaster.com/country-info/compare/Portugal/United-States/Education}, journal={NationMaster.com}, publisher={NationMaster}}

@article{mcfarland2018, title={Public School Expenditures}, journal={The Condition of Education}, author={McFarland, Joel and Hussar, Bill and Wang, Xiaolei and Zhang, Jijun and Wang, Ke and Rathbun, Amy and Barmer, Amy and Forrest Cataldi, Emily and Bullock Mann, Farrah and Ossolinski, Mark and et al.}, editor={Nachazel, Thomas and Smith, WyattEditors}, year={2018}, month={May}, pages={144â€“146}}

@misc{mitra, title={Pennsylvania's Best Investment: The Social and Economic Benefits of Public Education}, url={https://www.elc-pa.org/resource/pennsylvanias-best-investment-the-social-and-economic-benefits-of-public-education/}, journal={Education Law Center}, author={Mitra, Dana}}

@misc{miller2011, place={Houston}, title={Partnering for Education Reform}, url={https://www.ed.gov/news/speeches/partnering-education-reform}, journal={International AIM Convention}, author={Miller, Tony}, year={2011}, month={Jul}}

@article{cortez2008,
author = {Cortez, Paulo and Silva, Alice},
year = {2008},
month = {01},
pages = {},
title = {Using data mining to predict secondary school student performance},
journal = {EUROSIS}
}

@inproceedings{arsad2013,
author = {Mohd Arsad, Pauziah and Buniyamin, Norlida and Ab Manan, Jamalul-Lail},
year = {2013},
month = {11},
pages = {1-5},
title = {A neural network students' performance prediction model (NNSPPM)},
isbn = {978-1-4799-0843-1},
doi = {10.1109/ICSIMA.2013.6717966}
}

@misc{kaggle, title={Rectified Linear Units (ReLU) in Deep Learning}, url={https://www.kaggle.com/dansbecker/rectified-linear-units-relu-in-deep-learning}, journal={Kaggle}}
